{1:F01BANK DANAMON}{2:DECRYPTOVO}{4:
:20:210723
:25:003611264117
:28C:00570
:60F:C210723IDR000022659108
:61:210723C000000957000NTRF60130002210723350017                    
:86:IVR TRF 003600266328 ADIRA ENAM 210723350017 60130002 \ADIRAKU\ADKUPK020121100631IB210723GFpgI7H-02
:61:210723C000008450000NTRF60130002210723410196                    
:86:IVR TRF 003600266385 ADIRA SEBELAS 210723410196 60130002 \ADIRAKU\ADKUPK020321206744IB2107236OrYxMDS01
:61:210723C000000010214NINT
:86:Credit Interest Capitalised
:61:210723D000000002043NTAX
:86:TAX Deducted
:62F:D210723IDR000022659108
-}


